% Encoding: UTF-8

@Conference{Chang,
  author    = {Oliver Chang and Edward M. Armstrong and David Foster},
  title     = {Improving Compliance for Earth Science Data Records},
  booktitle = {Fall Meeting of the American Geophysical Union},
  year      = {2014},
}

@Conference{Chang2015,
  author    = {Oliver Chang and Michael Zoller and Paul Fischer},
  title     = {Analyzing the Scalability of Nek5000},
  booktitle = {Passionate on Parallel Poster Day},
  date      = {2015},
}

@Conference{Chang2015a,
  author    = {Oliver Chang},
  title     = {GPS \& WiFi Choke Point Analysis},
  booktitle = {University of Miami GIS Day},
  date      = {2015},
}

@Article{Bunting2017,
  author       = {Ryan Bunting and Oliver Y. Chang and Christopher Cowen and Richard Hankins and Staci Langston and Alexander Warner Xiaxia Yang and Eric R. Louderback and Shouraseni Sen Roy},
  title        = {Spatial Patterns of Larceny and Aggravated Assault in Miami-Dade County, 2007--2015},
  journaltitle = {The Professional Geographer},
  date         = {2017},
}

@Comment{jabref-meta: databaseType:biblatex;}

@Comment{jabref-meta: saveActions:enabled;
date[normalize_date]
pages[normalize_page_numbers]
month[normalize_month]
all-text-fields[latex_to_unicode,ordinals_to_superscript]
title[html_to_unicode]
;}
